<?xml version="1.0" encoding="UTF-8"?><collection xmlns="http://www.loc.gov/MARC21/slim"><record><leader>00450nam--2200133-i-4500</leader><controlfield tag="001">000046743</controlfield><controlfield tag="002">20161230</controlfield><controlfield tag="005">20161230201046</controlfield><controlfield tag="008">060222s1000------------r-----000-0-eng-d</controlfield><datafield ind1=" " ind2=" " tag="100"><subfield code="a">Wagner, Karl Willy</subfield></datafield><datafield ind1=" " ind2=" " tag="245"><subfield code="a">Operatorenrechnung und laplacesche transformation nebst anwendungen in physik und technik. 3., verbesserte aufl</subfield></datafield><datafield ind1=" " ind2=" " tag="260"><subfield code="a">Leipzig, Johann Ambrosius Bart Verlag, 1962, Xiii+489p</subfield></datafield><datafield ind1=" " ind2=" " tag="852"><subfield code="a">9028</subfield><subfield code="c">517.43</subfield></datafield><datafield ind1=" " ind2=" " tag="CAT"><subfield code="a">Sys</subfield><subfield code="c">20080722</subfield><subfield code="h">130816</subfield></datafield></record></collection>